 @book{Lang_1998, address={New York Berlin Heidelberg}, edition={Repr., corr. 3. print}, title={Basic mathematics}, ISBN={978-0-387-96787-5}, publisher={Springer}, author={Lang, Serge}, year={1998}, language={eng} }
